<record xmlns="http://www.loc.gov/MARC21/slim" xmlns:xsi="http://www.w3.org/2001/XMLSchema-instance" xsi:schemaLocation="http://www.loc.gov/MARC21/slim http://www.loc.gov/standards/marcxml/schema/MARC21slim.xsd"><leader>00037nz   2200037n  4500</leader><controlfield tag="001">DNB|102406537</controlfield><controlfield tag="003">DNB</controlfield><controlfield tag="005">20061124161556.0</controlfield><controlfield tag="008">930416|||azznnaa|||||||||||| a|aaa|||| d</controlfield><datafield ind1="7" ind2=" " tag="016"><subfield code="a">102406537</subfield><subfield code="2">GyFmDB</subfield></datafield><datafield ind1=" " ind2=" " tag="035"><subfield code="a">(SWD)4721869-1</subfield></datafield><datafield ind1=" " ind2=" " tag="040"><subfield code="a">0000</subfield><subfield code="b">ger</subfield><subfield code="d">9999</subfield><subfield code="f">RAK-PND</subfield></datafield><datafield ind1=" " ind2=" " tag="043"><subfield code="a">XS---</subfield><subfield code="2">SWD-ISO3166</subfield></datafield><datafield ind1="2" ind2=" " tag="045"><subfield code="b">d285 v. Chr.</subfield><subfield code="b">d221 v. Chr.</subfield></datafield><datafield ind1=" " ind2=" " tag="065"><subfield code="a">4.7p</subfield><subfield code="5">SWD</subfield></datafield><datafield ind1=" " ind2=" " tag="065"><subfield code="a">12.2p</subfield><subfield code="5">SWD</subfield></datafield><datafield ind1="0" ind2=" " tag="100"><subfield code="a">Sphaerus,</subfield><subfield code="c">Borysthenius</subfield><subfield code="d">285 v. Chr.-221 v. Chr.</subfield></datafield><datafield ind1="0" ind2=" " tag="400"><subfield code="a">Sphairos,</subfield><subfield code="c">der Borysthenite</subfield><subfield code="d">285 v. Chr.-221 v. Chr.</subfield></datafield><datafield ind1="0" ind2=" " tag="400"><subfield code="a">Sphaerus,</subfield><subfield code="c">Philosophus</subfield><subfield code="d">285 v. Chr.-221 v. Chr.</subfield></datafield><datafield ind1="0" ind2=" " tag="400"><subfield code="a">Sphaerus,</subfield><subfield code="c">Stoicus</subfield><subfield code="d">285 v. Chr.-221 v. Chr.</subfield></datafield><datafield ind1="0" ind2=" " tag="400"><subfield code="a">Sphairos,</subfield><subfield code="c">von Borysthenes</subfield><subfield code="d">285 v. Chr.-221 v. Chr.</subfield></datafield><datafield ind1="0" ind2=" " tag="400"><subfield code="a">Sfero,</subfield><subfield code="c">di Boristene</subfield><subfield code="d">285 v. Chr.-221 v. Chr.</subfield></datafield><datafield ind1="0" ind2=" " tag="400"><subfield code="a">Sphairos,</subfield><subfield code="c">Philosoph</subfield><subfield code="d">285 v. Chr.-221 v. Chr.</subfield></datafield><datafield ind1="0" ind2=" " tag="400"><subfield code="a">Sphaerus,</subfield><subfield code="c">Bosporianus</subfield><subfield code="d">285 v. Chr.-221 v. Chr.</subfield></datafield><datafield ind1=" " ind2=" " tag="670"><subfield code="a">Lex. alte Welt, Pauly</subfield></datafield><datafield ind1=" " ind2=" " tag="678"><subfield code="a">ca.;</subfield><subfield code="a">Griech. Stoiker, Schüler des Zenon v. Kition, schrieb über den spartan. Staat</subfield></datafield><datafield ind1=" " ind2=" " tag="922"><subfield code="a">gr</subfield><subfield code="9">1</subfield></datafield></record>